@article{MTS_Classification,
    title = {{A brief survey on sequence classification}},
    year = {2010},
    journal = {ACM SIGKDD Explorations Newsletter},
    author = {Xing, Zhengzheng and Pei, Jian and Keogh, Eamonn},
    number = {1},
    pages = {40},
    volume = {12},
    url = {http://portal.acm.org/citation.cfm?doid=1882471.1882478},
    isbn = {1931-0145},
    doi = {10.1145/1882471.1882478},
    issn = {19310145}
}

@article{Tietbohl2008,
    title = {{A Clustering-based Approach for Discovering Interesting Places in Trajectories}},
    year = {2008},
    journal = {Proceedings of the ACM Symposium on Applied Computing, Advances in Spatial and Image-Based Information Systems Track},
    author = {Tietbohl, Andrey and Bogorny, Vania and Kuijpers, Bart and Alvares, Luis Otavio},
    pages = {863--868},
    isbn = {9781595937537},
    keywords = {data mining, mantic trajectory annotation, moving objects, se-, semantic trajectory annotation, spatio-temporal clustering, trajectories}
}

@article{Peffers2007,
    title = {{A Design Science Research Methodology for Information Systems Research}},
    year = {2007},
    journal = {Journal of Management Information Systems},
    author = {Peffers, Ken and Tuunanen, Tuure and Rothenberger, Marcus A. and Chatterjee, Samir},
    number = {3},
    month = {12},
    pages = {45--77},
    volume = {24},
    url = {http://www.tandfonline.com/doi/full/10.2753/MIS0742-1222240302},
    doi = {10.2753/MIS0742-1222240302},
    issn = {0742-1222}
}

@article{Li2017,
    title = {{A dimensionality reduction-based multi-step clustering method for robust vessel trajectory analysis}},
    year = {2017},
    journal = {Sensors (Switzerland)},
    author = {Li, Huanhuan and Liu, Jingxian and Liu, Ryan Wen and Xiong, Naixue and Wu, Kefeng and Kim, Tai Hoon},
    number = {8},
    volume = {17},
    doi = {10.3390/s17081792},
    issn = {14248220},
    keywords = {DTW, PCA, Spectral clustering, The improved center clustering algorithm, Vessel trajectory clustering}
}

@article{Lei2016,
    title = {{A framework for anomaly detection in maritime trajectory behavior}},
    year = {2016},
    journal = {Knowledge and Information Systems},
    author = {Lei, Po Ruey},
    number = {1},
    pages = {189--214},
    volume = {47},
    publisher = {Springer London},
    isbn = {0219-1377},
    doi = {10.1007/s10115-015-0845-4},
    issn = {02193116},
    keywords = {Anomaly detection, Maritime trajectory, Trajectory data mining}
}

@article{Morris2008,
    title = {{A survey of vision-based trajectory learning and analysis for surveillance}},
    year = {2008},
    journal = {IEEE Transactions on Circuits and Systems for Video Technology},
    author = {Morris, Brendan Tran and Trivedi, Mohan Manubhai},
    number = {8},
    pages = {1114--1127},
    volume = {18},
    isbn = {1051-8215},
    doi = {10.1109/TCSVT.2008.927109},
    issn = {10518215},
    keywords = {Event detection, Motion analysis, Situational awareness, Statistical learning}
}

@article{Feng2016,
    title = {{A Survey on Trajectory Data Mining: Techniques and Applications}},
    year = {2016},
    journal = {IEEE Access},
    author = {Feng, Zhenni and Zhu, Yanmin},
    pages = {2056--2067},
    volume = {4},
    isbn = {2169-3536 VO - 4},
    doi = {10.1109/ACCESS.2016.2553681},
    issn = {21693536},
    keywords = {Trajectory data mining, big data applications, data mining techniques}
}

@article{2017Offshore,
    title = {{Allision risk analysis of offshore petroleum installations on the Norwegian Continental Shelf—an empirical study of vessel traffic patterns}},
    year = {2017},
    journal = {WMU Journal of Maritime Affairs},
    author = {Hassel, Martin and Utne, Ingrid Bouwer and Vinnem, Jan Erik},
    number = {2},
    month = {5},
    pages = {175--195},
    volume = {16},
    publisher = {WMU Journal of Maritime Affairs},
    url = {http://link.springer.com/10.1007/s13437-016-0123-7},
    isbn = {1343701601237},
    doi = {10.1007/s13437-016-0123-7},
    issn = {1651-436X},
    keywords = {AIS, Allision, COLLIDE, Collision, Risk analysis, Traffic pattern, ais, allision, collide, collision, risk analysis, traffic pattern}
}

@incollection{Mao2018,
    title = {{An Automatic Identification System (AIS) Database for Maritime Trajectory Prediction and Data Mining}},
    year = {2018},
    author = {Mao, Shangbo and Tu, Enmei and Zhang, Guanghao and Rachmawati, Lily and Rajabally, Eshan and Huang, Guang-Bin},
    editor = {Cao, Jiuwen and Cambria, Erik and Lendasse, Amaury and Miche, Yoan and Vong, Chi Man},
    pages = {241--257},
    series = {Proceedings in Adaptation, Learning and Optimization},
    volume = {9},
    publisher = {Springer International Publishing},
    url = {http://link.springer.com/10.1007/978-3-319-57421-9_20},
    address = {Cham},
    isbn = {978-3-319-57420-2},
    doi = {10.1007/978-3-319-57421-9{\_}20}
}

@incollection{Mao2016,
    title = {{An Automatic Identification System (AIS) Database for Maritime Trajectory Prediction and Data Mining}},
    year = {2018},
    booktitle = {Proceedings of ELM-2016},
    author = {Mao, Shangbo and Tu, Enmei and Zhang, Guanghao and Rachmawati, Lily and Rajabally, Eshan and Huang, Guang-Bin},
    pages = {241--257},
    publisher = {Springer},
    url = {http://link.springer.com/10.1007/978-3-319-57421-9_20},
    isbn = {978-3-319-57420-2},
    doi = {10.1007/978-3-319-57421-9{\_}20},
    keywords = {Automatic Identification System (AIS) Database, Data Mining, Maritime Trajec-tory Learning, ais, automatic identification system, data mining, database, maritime trajec-, tory learning}
}

@article{Laxhammar2008,
    title = {{Anomaly detection for sea surveillance}},
    year = {2008},
    journal = {2008 11th International Conference on Information Fusion},
    author = {Laxhammar, R.},
    pages = {55--62},
    isbn = {978-3-8007-3092-6},
    keywords = {Anomaly detection, Gaussian Mixture Models, Greedy Expectation-Maximization, sea surveillance, unsupervised clustering}
}

@article{Soleimani2015,
    title = {{Anomaly Detection in Maritime Data Based on Geometrical Analysis of Trajectories}},
    year = {2015},
    author = {Soleimani, Behrouz Haji and Souza, Erico N De and Hilliard, Casey and Matwin, Stan},
    pages = {1100--1105},
    isbn = {9780996452717}
}

@article{Mascaro2014,
    title = {{Anomaly detection in vessel tracks using Bayesian networks}},
    year = {2014},
    journal = {International Journal of Approximate Reasoning},
    author = {Mascaro, Steven and Nicholso, Ann E. and Korb, Kevin B},
    number = {1},
    month = {1},
    pages = {84--98},
    volume = {55},
    url = {http://linkinghub.elsevier.com/retrieve/pii/S0888613X13000728},
    doi = {10.1016/j.ijar.2013.03.012},
    issn = {0888613X}
}

@article{Harati-Mokhtari2007,
    title = {{Automatic Identification System (AIS): Data Reliability and Human Error Implications}},
    year = {2007},
    journal = {Journal of Navigation},
    author = {Harati-Mokhtari, Abbas and Wall, Alan and Brooks, Philip and Wang, Jin},
    number = {03},
    month = {9},
    pages = {373},
    volume = {60},
    url = {http://94.211.137.110/middenlimburg/downloads/documenten/pdf/AIS_Human_Factors.pdf http://www.journals.cambridge.org/abstract_S0373463307004298},
    doi = {10.1017/S0373463307004298},
    issn = {0373-4633}
}

@article{WarrenLiao2005,
    title = {{Clustering of time series data—a survey}},
    year = {2005},
    journal = {Pattern Recognition},
    author = {Warren Liao, T.},
    number = {11},
    month = {11},
    pages = {1857--1874},
    volume = {38},
    url = {http://linkinghub.elsevier.com/retrieve/pii/S0031320305001305},
    isbn = {0031-3203},
    doi = {10.1016/j.patcog.2005.01.025},
    issn = {00313203},
    pmid = {18557655},
    keywords = {Clustering, Data mining, Distance measure, Time series data}
}

@article{MTS1999,
    title = {{Comparison and classification of stationary multivariate time series}},
    year = {1999},
    journal = {Pattern Recognition},
    author = {Maharaj, Elizabeth Ann},
    pages = {1129--1138},
    volume = {32},
    url = {%5CBiblioteca_Digital_SPR%5CMaharaj1999_PR.PDF},
    doi = {10.1016/S0031-3203(98)00149-6},
    issn = {00313203},
    keywords = {cation, classi, hypothesis testing, pattern recognition, stationary multivariate time series}
}

@misc{EC2018,
    title = {{Control technologies | Fisheries}},
    author = {{European Commission}},
    number = {September},
    url = {https://ec.europa.eu/fisheries/cfp/control/technologies_en}
}

@article{Lei2016a,
    title = {{Discovering Maritime Traffic Route from AIS network}},
    year = {2016},
    journal = {18th Asia-Pacific Network Operations and Management Symposium, APNOMS 2016: Management of Softwarized Infrastructure - Proceedings},
    author = {Lei, Po Ruey and Tsai, Tzu Hao and Peng, Wen Chih},
    isbn = {9784885523045},
    doi = {10.1109/APNOMS.2016.7737223},
    keywords = {AIS System, Maritime Traffic knowledge, Traffic Route Discovery, Trajectory data, Trajectory pattern mining}
}

@article{Knorr2000,
    title = {{Distance-based outliers: algorithms and applications}},
    year = {2000},
    journal = {The VLDB Journal The International Journal on Very Large Data Bases},
    author = {Knorr, Edwin M. and Ng, Raymond T. and Tucakov, Vladimir},
    number = {3-4},
    month = {2},
    pages = {237--253},
    volume = {8},
    url = {http://link.springer.com/10.1007/s007780050006},
    doi = {10.1007/s007780050006},
    issn = {1066-8888}
}

@article{Tu2016,
    title = {{Exploiting AIS Data for Intelligent Maritime Navigation: A Comprehensive Survey From Data to Methodology}},
    year = {2018},
    journal = {IEEE Transactions on Intelligent Transportation Systems},
    author = {Tu, Enmei and Zhang, Guanghao and Rachmawati, Lily and Rajabally, Eshan and Huang, Guang-Bin},
    number = {5},
    month = {5},
    pages = {1559--1582},
    volume = {19},
    url = {http://ieeexplore.ieee.org/document/8025635/ http://arxiv.org/abs/1606.00981 https://ieeexplore.ieee.org/document/8025635/},
    doi = {10.1109/TITS.2017.2724551},
    issn = {1524-9050},
    arxivId = {1606.00981}
}

@article{Salvador2007,
    title = {{FastDTW : Toward Accurate Dynamic Time Warping in Linear Time and Space}},
    year = {2007},
    journal = {Intelligent Data Analysis},
    author = {Salvador, Stan and Chan, Philip},
    pages = {561--580},
    volume = {11},
    url = {http://www.cs.fit.edu/~pkc/papers/tdm04.pdf},
    issn = {1088467X},
    keywords = {dynamic time warping, time series}
}

@misc{DATASET,
    title = {{Heterogeneous Integrated Dataset for Maritime Intelligence, Surveillance, and Reconnaissance}},
    year = {2018},
    author = {Ray, Cyril and Dr{\'{e}}o, Richard and Camossi, Elena and Jousselme, Anne-Laure},
    month = {2},
    url = {https://zenodo.org/record/1167595},
    doi = {http://doi.org/10.5281/zenodo.1167595},
    keywords = {Automatic Identification System (AIS), Fleet register, METOC data, Maritime data, Maritime geographic features, Maritime protected areas, Ports register, Sea state, Vessel positions, Vessel register, Weather forecast}
}

@techreport{IMO2016,
    title = {{IMO - Regulations for carriage of AIS}},
    year = {2015},
    author = {{International Maritime Organisation}},
    url = {http://www.imo.org/en/About},
    institution = {International Maritime Organisation}
}

@inproceedings{Cai2004,
    title = {{Indexing spatio-temporal trajectories with Chebyshev polynomials}},
    year = {2004},
    booktitle = {Proceedings of the 2004 ACM SIGMOD international conference on Management of data - SIGMOD '04},
    author = {Cai, Yuhan and Ng, Raymond},
    pages = {599},
    publisher = {ACM Press},
    url = {http://dx.doi.org/10.5772/49941 http://portal.acm.org/citation.cfm?doid=1007568.1007636},
    address = {New York, New York, USA},
    isbn = {1581138598},
    doi = {10.1145/1007568.1007636}
}

@article{Mascaro2010,
    title = {{Learning Abnormal Vessel Behaviour from AIS Data with Bayesian Networks at Two Time Scales}},
    year = {2010},
    journal = {Tracks A Journal Of Artists Writings},
    author = {Mascaro, Steven and Korb, Kevin B. and Nicholson, Ann E.},
    pages = {34},
    url = {http://bayesian-intelligence.com/publications/TR2010_4_AbnormalVesselBehaviour.pdf}
}

@misc{DeVries2012,
    title = {{Machine learning for vessel trajectories using compression, alignments and domain knowledge}},
    year = {2012},
    booktitle = {Expert Systems with Applications},
    author = {De Vries, Gerben Klaas Dirk and Van Someren, Maarten},
    number = {18},
    pages = {13426--13439},
    volume = {39},
    doi = {10.1016/j.eswa.2012.05.060},
    issn = {09574174},
    keywords = {Alignment measures, Geographical domain knowledge, Moving object trajectories, Piecewise linear segmentation, Vessel trajectories}
}

@article{Lane2010,
    title = {{Maritime anomaly detection and threat assessment}},
    year = {2010},
    journal = {2010 13th International Conference on Information Fusion},
    author = {Lane, Richard O and Nevell, David A and Hayward, Steven D and Beaney, Thomas W},
    number = {July},
    pages = {1--8},
    isbn = {978-0-9824438-1-1},
    doi = {10.1109/ICIF.2010.5711998},
    keywords = {AIS activity, Automatic identification system (AIS), Bayes methods, Bayesian network, Biological system modeling, Hidden Markov models, Marine vehicles, Markov processes, Probability, Sea measurements, Tracking, anomalous behaviour, anomalous ship behaviour, anomaly detection, automatic identification system, belief networks, individual probability, marine engineering, maritime anomaly detection, maritime environment, robust automatic data processing, security, situational awareness, threat assessment, unexpected port arrival, white shipping}
}

@article{Shahir2015,
    title = {{Maritime situation analysis framework: Vessel interaction classification and anomaly detection}},
    year = {2015},
    journal = {Proceedings - 2015 IEEE International Conference on Big Data, IEEE Big Data 2015},
    author = {Shahir, Hamed Yaghoubi and Glasser, Uwe and Shahir, Amir Yaghoubi and Wehn, Hans},
    pages = {1279--1289},
    isbn = {9781479999255},
    doi = {10.1109/BigData.2015.7363883},
    keywords = {Anomaly Detection, Big Data, Critical Infrastructure Protection, Intelligent Systems, Machine Learning, Maritime Domain Awareness}
}

@inproceedings{Seto2015,
    title = {{Multivariate Time Series Classification Using Dynamic Time Warping Template Selection for Human Activity Recognition}},
    year = {2015},
    booktitle = {2015 IEEE Symposium Series on Computational Intelligence},
    author = {Seto, Skyler and Zhang, Wenyu and Zhou, Yichen},
    month = {12},
    pages = {1399--1406},
    publisher = {IEEE},
    url = {http://arxiv.org/abs/1512.06747 http://ieeexplore.ieee.org/document/7376775/},
    isbn = {978-1-4799-7560-0},
    doi = {10.1109/SSCI.2015.199},
    arxivId = {1512.06747}
}

@article{MTS1,
    title = {{Multivariate time series classification with parametric derivative dynamic time warping}},
    year = {2015},
    journal = {Expert Systems with Applications},
    author = {G{\'{o}}recki, Tomasz and {\L}uczak, Maciej},
    number = {5},
    month = {4},
    pages = {2305--2312},
    volume = {42},
    url = {http://linkinghub.elsevier.com/retrieve/pii/S0957417414006927},
    doi = {10.1016/j.eswa.2014.11.007},
    issn = {09574174},
    keywords = {derivative dynamic time warping, dynamic time warping, multivariate time series}
}

@misc{ICS,
    title = {{Shipping and World Trade}},
    year = {2017},
    author = {{ICS}},
    url = {http://www.ics-shipping.org/shipping-facts/shipping-and-world-trade}
}

@incollection{EuclidianRef,
    title = {{Similarity Measures and Dimensionality Reduction Techniques for Time Series Data Mining}},
    year = {2012},
    booktitle = {Advances in Data Mining Knowledge Discovery and Applications},
    author = {Cassisi, Carmelo and Montalto, Placido and Aliotta, Marco and Cannata, Andrea and Pulvirenti, Alfredo},
    number = {May 2014},
    month = {9},
    publisher = {InTech},
    url = {http://dx.doi.org/10.5772/49941 http://www.intechopen.com/books/advances-in-data-mining-knowledge-discovery-and-applications/similarity-measures-and-dimensionality-reduction-techniques-for-time-series-data-mining},
    doi = {10.5772/49941}
}

@article{Protopapadakis2017,
    title = {{Stacked Autoencoders for Outlier Detection in Over-the-Horizon Radar Signals}},
    year = {2017},
    journal = {Computational Intelligence and Neuroscience},
    author = {Protopapadakis, Eftychios and Voulodimos, Athanasios and Doulamis, Anastasios and Doulamis, Nikolaos and Dres, Dimitrios and Bimpas, Matthaios},
    number = {i},
    pages = {1--11},
    volume = {2017},
    url = {https://www.hindawi.com/journals/cin/2017/5891417/},
    doi = {10.1155/2017/5891417},
    issn = {1687-5265}
}

@article{Ivanovic2016b,
    title = {{Time series analysis and possible applications}},
    year = {2016},
    journal = {2016 39th International Convention on Information and Communication Technology, Electronics and Microelectronics, MIPRO 2016 - Proceedings},
    author = {Ivanovic, M. and Kurbalija, V.},
    pages = {473--479},
    isbn = {9789532330885},
    doi = {10.1109/MIPRO.2016.7522190}
}

@inproceedings{Lee,
    title = {{Trajectory Outlier Detection: A Partition-and-Detect Framework}},
    year = {2008},
    booktitle = {2008 IEEE 24th International Conference on Data Engineering},
    author = {Lee, Jae-Gil and Han, Jiawei and Li, Xiaolei},
    month = {4},
    pages = {140--149},
    publisher = {IEEE},
    url = {http://dm.kaist.ac.kr/jaegil/papers/icde08.pdf http://ieeexplore.ieee.org/document/4497422/},
    isbn = {978-1-4244-1836-7},
    doi = {10.1109/ICDE.2008.4497422}
}

@article{LeGuillarme2013,
    title = {{Unsupervised extraction of knowledge from S-AIS data for maritime situational awareness}},
    year = {2013},
    journal = {Information Fusion (FUSION), 2013 16th International Conference on},
    author = {Le Guillarme, N and Lerouvreur, X},
    pages = {2025--2032},
    isbn = {978-1-4799-0284-2},
    keywords = {Clustering algorithms, Data models, Hidden Markov models, Length measurement, Trajectory, anomaly detection, automatic vessel behaviour analysis, emerging technology, high-level situational awareness, historical S-AIS data, knowledge acquisition, knowledge representation, marine engineering, marine safety, marine vehicles, maritime scene model, maritime situational awareness, maritime surveillance, oceanic scale, prediction tasks, probabilistic normalcy model, probability, security of data, space-based AIS, surveillance, unsupervised knowledge extraction, unsupervised learning, unsupervised techniques, vehicle dynamics, vessel activity, vessel dynamics}
}

@inproceedings{Yan2016,
    title = {{Vessel movement analysis and pattern discovery using density-based clustering approach}},
    year = {2016},
    booktitle = {2016 IEEE International Conference on Big Data (Big Data)},
    author = {Yan, Wenjing and Wen, Rong and Zhang, Allan N and Yang, Dazhi},
    month = {12},
    pages = {3798--3806},
    publisher = {IEEE},
    url = {http://ieeexplore.ieee.org/document/7841051/},
    isbn = {978-1-4673-9005-7},
    doi = {10.1109/BigData.2016.7841051},
    keywords = {AIS, Stops and Moves, density-based clustering, stationary areas of interest, traffic routes}
}

@article{Pallotta2013,
    title = {{Vessel Pattern Knowledge Discovery from AIS Data: A Framework for Anomaly Detection and Route Prediction}},
    year = {2013},
    journal = {Entropy},
    author = {Pallotta, Giuliana and Vespe, Michele and Bryan, Karna},
    number = {6},
    month = {6},
    pages = {2218--2245},
    volume = {15},
    url = {http://www.mdpi.com/1099-4300/15/6/2218/},
    doi = {10.3390/e15062218},
    issn = {1099-4300},
    keywords = {Anomaly detection, Knowledge discovery, Maritime route extraction, Maritime situational awareness, Route prediction}
}

@article{Bueger2015,
    title = {{What is maritime security?}},
    year = {2015},
    journal = {Marine Policy},
    author = {Bueger, Christian},
    month = {3},
    pages = {159--164},
    volume = {53},
    publisher = {Elsevier},
    url = {http://dx.doi.org/10.1016/j.marpol.2014.12.005 http://linkinghub.elsevier.com/retrieve/pii/S0308597X14003327 https://linkinghub.elsevier.com/retrieve/pii/S0308597X14003327},
    isbn = {0308-597X},
    doi = {10.1016/j.marpol.2014.12.005},
    issn = {0308597X},
    keywords = {Concepts, Maritime security, Maritime threats, Securitization, Security practice}
}

@misc{Boinepalli2014AAlgorithm,
    title = {{A Rule-based Track Anomaly Detection Algorithm}},
    year = {2014},
    author = {Boinepalli, S and Knight, A J},
    publisher = {Weapons and Combat Systems Division DSTO Defence Science and Technology Organisation Edinburg, Australia},
    url = {www.dtic.mil/dtic/tr/fulltext/u2/a615311.pdf},
    keywords = {Anomaly Detection, Force Protection}
}

@article{Sadowski2015AlgorithmsCompression,
    title = {{Algorithms for Ship Movement Prediction for Location Data Compression}},
    year = {2015},
    journal = {TransNav, the International Journal on Marine Navigation and Safety of Sea Transportation},
    author = {Sadowski, Jaroslaw and Czapiewska, Agnieszka},
    number = {1},
    pages = {75--81},
    volume = {9},
    url = {http://www.transnav.eu/Article_Algorithms_for_Ship_Movement_Prediction_Sadowski,33,558.html},
    doi = {10.12716/1001.09.01.09},
    issn = {2083-6473},
    keywords = {Due  to  safety  reasons, the  movement  of  ship}
}

@article{Koski2009BayesianNetworks,
    title = {{Bayesian Networks}},
    year = {2009},
    author = {Koski, Timo and Noble, John M.},
    url = {http://doi.wiley.com/10.1002/9780470684023},
    isbn = {9780470684023},
    doi = {10.1002/9780470684023},
    issn = {0040-1706},
    pmid = {21775236},
    arxivId = {arXiv:1401.0852v2}
}

@book{Marz2015BigSystems,
    title = {{Big Data, Principles and best practices of scalable real-time data systems}},
    year = {2015},
    booktitle = {Big Data - Principles and best practices of scalable real-time data systems},
    author = {Marz, Nathan and Warren, James},
    pages = {1--23},
    volume = {37},
    publisher = {Manning},
    isbn = {617290343 9781617290343},
    doi = {10.1073/pnas.0703993104},
    issn = {1098-6596},
    pmid = {25246403},
    arxivId = {1-933988-16-9}
}

@article{Robards2016ConservationReview,
    title = {{Conservation science and policy applications of the marine vessel Automatic Identification System (AIS)-A review}},
    year = {2016},
    journal = {Bulletin of Marine Science},
    author = {Robards, M. D. and Silber, G. K. and Adams, J. D. and Arroyo, J. and Lorenzini, D. and Schwehr, K. and Amos, J.},
    number = {1},
    pages = {75--103},
    volume = {92},
    doi = {10.5343/bms.2015.1034},
    issn = {15536955}
}

@article{Ray2015DeAISRisks,
    title = {{DeAIS project: Detection of AIS spoofing and resulting risks}},
    year = {2015},
    journal = {MTS/IEEE OCEANS 2015 - Genova: Discovering Sustainable Ocean Energy for a New World},
    author = {Ray, Cyril and Gallen, Romain and Iphar, Clement and Napoli, Aldo and Bouju, Alain},
    pages = {0--5},
    isbn = {9781479987368},
    doi = {10.1109/OCEANS-Genova.2015.7271729},
    keywords = {Automatic Identification System (AIS), data mining, maritime risks}
}

@article{Mazzarella2014DiscoveringFootprints,
    title = {{Discovering Vessel Activities at Sea using AIS Data : Mapping of Fishing Footprints}},
    year = {2014},
    journal = {17th International Conference on Information Fusion (FUSION)},
    author = {Mazzarella, Fabio and Vespe, Michele and Damalas, Dimitrios and Osio, Giacomo},
    pages = {1--7},
    isbn = {9788490123553}
}

@inproceedings{Will2011FastProcesses,
    title = {{Fast Maritime Anomaly Detection using Kd-Tree Gaussian Processes}},
    year = {2011},
    booktitle = {IMA Maths in Defence Conference},
    author = {Will, Julia and Peel, Leto and Claxton, Christopher},
    arxivId = {http://discovery.ucl.ac.uk/id/eprint/1369702}
}

@article{Miller2018IdentifyingBehavior,
    title = {{Identifying Global Patterns of Transshipment Behavior}},
    year = {2018},
    journal = {Frontiers in Marine Science},
    author = {Miller, Nathan A. and Roan, Aaron and Hochberg, Timothy and Amos, John and Kroodsma, David A.},
    number = {July},
    pages = {1--9},
    volume = {5},
    url = {https://www.frontiersin.org/article/10.3389/fmars.2018.00240/full},
    isbn = {2296-7745},
    doi = {10.3389/fmars.2018.00240},
    issn = {2296-7745},
    keywords = {fisheries, fisheries, transshipment, refrigerated cargo vesse, iuu fishing, reefer, refrigerated cargo vessel, transshipment}
}

@article{DeSouza2016ImprovingLearning,
    title = {{Improving fishing pattern detection from satellite AIS using data mining and machine learning}},
    year = {2016},
    journal = {PLoS ONE},
    author = {De Souza, Erico N. and Boerder, Kristina and Matwin, Stan and Worm, Boris},
    number = {7},
    pages = {1--20},
    volume = {11},
    isbn = {1932-6203},
    doi = {10.1371/journal.pone.0158248},
    issn = {19326203},
    pmid = {27367425}
}

@article{Natale2015MappingData,
    title = {{Mapping fishing effort through AIS data}},
    year = {2015},
    journal = {PLoS ONE},
    author = {Natale, Fabrizio and Gibin, Maurizio and Alessandrini, Alfredo and Vespe, Michele and Paulrud, Anton},
    number = {6},
    pages = {1--16},
    volume = {10},
    doi = {10.1371/journal.pone.0130746},
    issn = {19326203},
    pmid = {26098430}
}

@article{Perera2012MaritimePrediction,
    title = {{Maritime Traffic Monitoring Based on Vessel Detection, Tracking, State Estimation, and Trajectory Prediction}},
    year = {2012},
    journal = {IEEE Transactions on Intelligent Transportation Systems},
    author = {Perera, Lokukaluge P and Oliveira, Paulo and Guedes Soares, C.},
    number = {3},
    month = {9},
    pages = {1188--1200},
    volume = {13},
    url = {http://ieeexplore.ieee.org/document/6165365/},
    isbn = {10.1109/TITS.2012.2187282},
    doi = {10.1109/TITS.2012.2187282},
    issn = {1524-9050},
    keywords = {- trajectory estimation, curvilinear motion, extended kalman filter, target tracking, trajectory prediction}
}

@inproceedings{Rosca2018PredictingRoutes,
    title = {{Predicting Destinations by Nearest Neighbor Search on Training Vessel Routes}},
    year = {2018},
    booktitle = {Proceedings of the 12th ACM International Conference on Distributed and Event-based Systems - DEBS '18},
    author = {Ro{\c{s}}ca, Valentin and Onica, Emanuel and Diac, Paul and Amariei, Ciprian},
    pages = {224--225},
    publisher = {ACM Press},
    url = {http://dl.acm.org/citation.cfm?doid=3210284.3220509},
    address = {New York, New York, USA},
    isbn = {9781450357821},
    doi = {10.1145/3210284.3220509},
    keywords = {abderrahmen kammoun 1, acm reference format, data stream, kamal singh 1, multidimensional indexing, prediction, syed gillani 2, tanguy raynaud 1}
}

@book{Li2007ROAM:Sets,
    title = {{ROAM: Rule- and Motif-Based Anomaly Detection in Massive Moving Object Data Sets}},
    year = {2007},
    booktitle = {Proceedings of the 2007 SIAM International Conference on Data Mining},
    author = {Li, Xiaolei and Han, Jiawei and Kim, Sangkyum and Gonzalez, Hector},
    month = {4},
    pages = {273--284},
    publisher = {Society for Industrial and Applied Mathematics},
    url = {http://epubs.siam.org/doi/abs/10.1137/1.9781611972771.25},
    address = {Philadelphia, PA},
    isbn = {978-0-898716-30-6},
    doi = {10.1137/1.9781611972771.25}
}

@inproceedings{Edlund2006Rule-basedSurveillance,
    title = {{Rule-based situation assessment for sea surveillance}},
    year = {2006},
    booktitle = {Proceedings of SPIE - The International Society for Optical Engineering},
    author = {Edlund, Johan and Gr{\"{o}}nkvist, Magnus and Lingvall, Andreas and Sviestins, Egils},
    editor = {Dasarathy, Belur V.},
    month = {4},
    pages = {624203},
    volume = {6242},
    url = {http://www.scopus.com/inward/record.url?eid=2-s2.0-33747372879&partnerID=tZOtx3y1 http://proceedings.spiedigitallibrary.org/proceeding.aspx?doi=10.1117/12.664410},
    isbn = {0819462985},
    doi = {10.1117/12.664410},
    issn = {0277786X}
}

@inproceedings{Moussa2018ScalableSpark,
    title = {{Scalable Maritime Traffic Map Inference and Real-time Prediction of Vessels' Future Locations on Apache Spark}},
    year = {2018},
    booktitle = {Proceedings of the 12th ACM International Conference on Distributed and Event-based Systems - DEBS '18},
    author = {Moussa, Rim},
    pages = {213--216},
    publisher = {ACM Press},
    url = {http://dl.acm.org/citation.cfm?doid=3210284.3220506},
    address = {New York, New York, USA},
    isbn = {9781450357821},
    doi = {10.1145/3210284.3220506},
    keywords = {2018, acm reference format, grand challenge, in-, map inference, rim moussa, scalable maritime traffic map, sequential patterns, spatial data mining, streaming}
}

@article{Borkowski2017TheFusion,
    title = {{The Ship Movement Trajectory Prediction Algorithm Using Navigational Data Fusion}},
    year = {2017},
    journal = {Sensors},
    author = {Borkowski, Piotr},
    number = {6},
    month = {6},
    pages = {1432},
    volume = {17},
    url = {http://www.mdpi.com/1424-8220/17/6/1432},
    isbn = {14248220},
    doi = {10.3390/s17061432},
    issn = {1424-8220},
    pmid = {28632176},
    keywords = {Navigational data fusion, Navigational decision support system, Prediction of ship movement trajectory}
}

@article{Kroodsma2018TrackingFisheries,
    title = {{Tracking the global footprint of fisheries}},
    year = {2018},
    journal = {Science},
    author = {Kroodsma, David A. and Mayorga, Juan and Hochberg, Timothy and Miller, Nathan A. and Boerder, Kristina and Ferretti, Francesco and Wilson, Alex and Bergman, Bjorn and White, Timothy D. and Block, Barbara A. and Woods, Paul and Sullivan, Brian and Costello, Christopher and Worm, Boris},
    number = {6378},
    month = {2},
    pages = {904--908},
    volume = {359},
    url = {http://arxiv.org/abs/0811.2612 http://www.sciencemag.org/lookup/doi/10.1126/science.aao5646},
    doi = {10.1126/science.aao5646},
    issn = {0036-8075},
    pmid = {29472481},
    arxivId = {0811.2612}
}

@article{Silveira2013UsePortugal,
    title = {{Use of AIS data to characterise marine traffic patterns and ship collision risk off the coast of Portugal}},
    year = {2013},
    journal = {Journal of Navigation},
    author = {Silveira, P. A.M. and Teixeira, A. P. and Soares, C. Guedes},
    number = {6},
    pages = {879--898},
    volume = {66},
    isbn = {doi:10.1017/S0373463313000519},
    doi = {10.1017/S0373463313000519},
    issn = {03734633},
    pmid = {24485099},
    keywords = {Collision candidates, KEYWORDS AIS data, Risk of ship collision, Traffic assessment}
}

@incollection{Machado2019VesselOutliers,
    title = {{Vessel Trajectories Outliers}},
    year = {2019},
    booktitle = {Ambient Intelligence – Software and Applications –, 9th International Symposium on Ambient Intelligence},
    author = {Machado, Tomás and Maia, Rui and Santos, Pedro and Ferreira, João},
    chapter = {29},
    pages = {1–9},
    publisher = {Springer},
    url = {http://link.springer.com/10.1007/978-3-319-67774-3_19},
    doi = {10.1007/978-3-030-01746-0 {\_} 29}
}